% This file was created with JabRef 2.10.
% Encoding: Cp1252


@Article{Allen1984,
  Title                    = {Towards a General Theory of Action and Time},
  Author                   = {J.F Allen},
  Journal                  = {Artif. Intell.},
  Year                     = {1984},

  Month                    = {July},
  Number                   = {2},
  Pages                    = {123--154},
  Volume                   = {23},

  Address                  = {Essex, UK}
}

@Article{bertolotto2001,
  Title                    = {Progressive transmission of vector map data over the world wide web.},
  Author                   = {Bertolotto, M.},
  Journal                  = {GeoInformatica},
  Year                     = {2001},
  Pages                    = {34-373},

  Owner                    = {rosine},
  Timestamp                = {2015.11.25}
}

@Article{Bizier2009,
  Title                    = {Linked Data - The Story so far},
  Author                   = {C. Bizer and T. Heath and T. Berners-Lee},
  Journal                  = {International Journal on Semantic Web and Information Systems},
  Year                     = {2009},
  Number                   = {3},
  Pages                    = {1-22},
  Volume                   = {5}
}

@Article{Borst1997,
  Title                    = {Engineering Ontologies},
  Author                   = {W. R Borst and J. M Akkermans and J. L Top},
  Journal                  = {International Journal of Human-Computer Studies},
  Year                     = {1997},
  Number                   = {2-3},
  Pages                    = {365--406},
  Volume                   = {46}
}

@Article{James1985,
  Title                    = {An Overview of the KL-ONE Knowledge Representation System},
  Author                   = {R. J Brachman and J. G. Schmolze },
  Journal                  = {Cognitive Science},
  Year                     = {1985},
  Number                   = {2},
  Pages                    = {171--216},
  Volume                   = {9}
}

@Article{claramunt2000,
  Title                    = {An Integrated Representation of Spatial and Temporal Relationships,},
  Author                   = {C. Claramunt and B. Jiang },
  Journal                  = {Geographical Systems},
  Year                     = {2000},
  Number                   = {4},
  Pages                    = {154--159},
  Volume                   = {3},

  Booktitle                = {Innovations In Gis VII}
}

@InProceedings{claramunt1997a,
  Title                    = {Design patterns for Spatio-temporal Processes},
  Author                   = {C. Claramunt and C. Parent and M. Th\'eriault },
  Booktitle                = {In Searching for Semantics: Data Mining, Reverse Engineering},
  Year                     = {1997},
  Editor                   = {S. Spaccapietra and F. Maryanski},
  Pages                    = {415--428},
  Publisher                = {Chapman \& Hall}
}

@InProceedings{claramunt1995,
  Title                    = {Managing Time in GIS: An Event-oriented Approach},
  Author                   = {C. Claramunt and M. Th\'eriault },
  Booktitle                = {Recent Advances on Temporal Databases,},
  Year                     = {1995},
  Editor                   = {J. Clifford and A. Tuzhilin},
  Pages                    = {23--42},
  Publisher                = {Springer-Verlag, Zurich, Switzerland,}
}

@InProceedings{claramunt1997b,
  Title                    = {A Qualitative Representation of Evolving Spatial Entities in Two-dimensional Spaces},
  Author                   = {C. Claramunt and M. Th\'eriault and C. Parent},
  Booktitle                = {In Innovations in GIS V},
  Year                     = {1997},
  Editor                   = {S. Carver},
  Pages                    = {119-129},
  Publisher                = {Taylor \& Francis}
}

@InProceedings{cohn2001,
  Title                    = {Qualitative Spatio-Temporal Continuity},
  Author                   = {A. G Cohn and S. M Hazarika},
  Booktitle                = {Spatial Information of Theory Foundations Geographic Information Science (COSIT)},
  Year                     = {2001},

  Address                  = {Morro Bay, CA, USA,},
  Editor                   = {Montello, D.R.},
  Month                    = {September},
  Pages                    = {92-127},
  Publisher                = {Springer-Verlag}
}

@InProceedings{diego1996b,
  Title                    = {Reasoning with Inclusion Axioms in Description Logics: Algorithms and Complexity},
  Author                   = {Diego, C.},
  Booktitle                = {12th European Conference on Artificial Intelligence, Budapest, Hungary,},
  Year                     = {1996},
  Editor                   = {W. Wahlster},
  Month                    = {August},
  Pages                    = {303--307},
  Publisher                = {J. Wiley and S. Chichester}
}

@InProceedings{Diego1996a,
  Title                    = {Finite Model Reasoning in Description Logics},
  Author                   = {C. Diego},
  Booktitle                = {Proceedings of the Fifth International Conference on Principles of Knowledge Representation and Reasoning (KR'96), Cambridge, Massachusetts,},
  Year                     = {1996},

  Address                  = {USA,},
  Month                    = {November},
  Pages                    = {292--303}
}

@Article{Dirac1953888,
  Title                    = {The lorentz transformation and absolute time},
  Author                   = {P.A.M. Dirac},
  Journal                  = {Physica },
  Year                     = {1953},
  Number                   = {1-â€“12},
  Pages                    = {888--896},
  Volume                   = {19},

  Doi                      = {10.1016/S0031-8914(53)80099-6}
}

@Article{Donini1997,
  Title                    = {Reasoning in Description Logics},
  Author                   = {F. M Donini and M. Lenzerini and D. Nardi and D. Schaerf},
  Journal                  = {Principles of Knowledge representation},
  Year                     = {1996},
  Pages                    = {191--236},
  Volume                   = {1}
}

@InProceedings{Drumowled2006,
  Title                    = {Putting OWL in Order: Patterns for Sequences in OWL.},
  Author                   = {N. Drummond and A. Rector and R. Stevens and G. Moulton and M. Horridge and H. Wang and J. Sedenberg},
  Booktitle                = {OWL Experiences and Directions (OWLEd 2006)},
  Year                     = {2006},

  Address                  = {Athens, Georgia, USA},
  Editor                   = {Cuenca Grau, C.B. and Hitzler, P. and Wallace, E.},
  Month                    = {November},
  Volume                   = {216}
}

@MastersThesis{Edmonds1993,
  Title                    = {A Computational Model of Collaboration on Reference in Direction-Giving},
  Author                   = {P. G Edmonds},
  School                   = {University of Toronto (Canada)},
  Year                     = {1993}
}

@InProceedings{Egenhofer1989,
  Title                    = {A Formal Definition of Binary Topological Relationships},
  Author                   = { M.J Egenhofer},
  Booktitle                = {Foundations of Data Organization and Algorithms, 3rd International Conference, (FODO)},
  Year                     = {1989},

  Address                  = {Paris, France,},
  Editor                   = {Litwin, W. and Schek , H. J.},
  Month                    = {June},
  Pages                    = {457--472},
  Publisher                = {Springer-Verlag New York, Inc.},
  Volume                   = {367}
}

@InProceedings{Egenholfer2002,
  Title                    = {Toward the Semantic Geospatial Web},
  Author                   = {M.J Egenhofer},
  Booktitle                = {Proceedings of the Tenth ACM International Symposium on Advances in Geographic Information Systems},
  Year                     = {2002},

  Address                  = {McLean, {VA} (near Washington, DC), USA},
  Editor                   = {A. Voisard and S. Chen},
  Month                    = {November},
  Organization             = {GIS},
  Pages                    = {1-4},
  Publisher                = {ACM}
}

@Article{Feynman1963118,
  Title                    = {The theory of a general quantum system interacting with a linear dissipative system},
  Author                   = {R.P Feynman and F.L {Vernon Jr.}},
  Journal                  = {Annals of Physics },
  Year                     = {1963},
  Pages                    = {118--173},
  Volume                   = {24},

  Doi                      = {10.1016/0003-4916(63)90068-X}
}

@InProceedings{gadia1985,
  Title                    = {A Query Language for a Homogeneous Temporal Database},
  Author                   = {S. K Gadia and J. H Vaishnav},
  Booktitle                = {In Proceedings of the ACM Symposium on Principles of Database Systems},
  Year                     = {1985},

  Address                  = {Portland, Oregon, (USA)},
  Month                    = {March},
  Pages                    = {51-56},
  Publisher                = {ACM}
}

@Conference{gaffuri2012,
  Title                    = {Toward web mapping with vector data},
  Author                   = {Gaffuri, J.},
  Booktitle                = {Geographic Information Science},
  Year                     = {2012},
  Pages                    = {87-100},
  Volume                   = {7478},

  Owner                    = {rosine},
  Timestamp                = {2015.11.25}
}

@Book{Genesereth1987,
  Title                    = {Logical Foundations of Artificial Intelligence},
  Author                   = {M. R Genesereth and N. J Nilsson},
  Editor                   = {Morgan, M. B.},
  Publisher                = {Morgan Kaufmann Publishers, inc.},
  Year                     = {1987},

  Address                  = {Standford, University}
}

@InProceedings{Grosof2003,
  Title                    = {Description Logic Programs: Combining Logic Programs with Description Logic Cambridge},
  Author                   = {B. N Grosof and I. Horrocks and R. Volz },
  Booktitle                = {WWW2003},
  Year                     = {2003},

  Address                  = {Budapest, Hungary},
  Editor                   = {G. Hencsey and B. white and R.F. Chen and L. Kov\'acs and S. Lawrence},
  Month                    = {May},
  Pages                    = {20-24},
  Publisher                = {ACM}
}

@Article{Gruber1993,
  Title                    = {A Translation Approach to Portable Ontology Specifications},
  Author                   = {T.R Gruber},
  Journal                  = {Knowledge Acquisition},
  Year                     = {1993},

  Month                    = {June},
  Number                   = {2},
  Pages                    = {199--220},
  Volume                   = {5}
}

@InBook{Guarino_whatis,
  Title                    = {Handbook on Ontologies},
  Author                   = {N. Guarino and D. Oberle and S. Staab},
  Chapter                  = {What Is an Ontology},
  Editor                   = {S. Staab and R. Studer },
  Publisher                = {Springer-Verlag Berlin Heidelberg},
  Year                     = {2009}
}

@InBook{Guarino_whatis,
  Title                    = {Handbook on Ontologies},
  Author                   = {N. Guarino and D. Oberle and S. Staab},
  Chapter                  = {What Is an Ontology},
  Editor                   = {S. Staab and R. Studer},
  Publisher                = {Springer-Verlag Berlin Heidelberg 2},
  Year                     = {2009}
}

@InBook{Guarino_whatis,
  Title                    = {Handbook on Ontologies},
  Author                   = {N. Guarino and D. Oberle and S. Staab },
  Chapter                  = {What Is an Ontology},
  Editor                   = {S. Staab and R. Studer },
  Publisher                = {Springer-Verlag Berlin Heidelberg 2},
  Year                     = {2009}
}

@Conference{gutman1984,
  Title                    = {R-trees: A Dynamic Index Structure for Spatial Searching.},
  Author                   = {Guttman, A.},
  Booktitle                = {SIGMOD Rec},
  Year                     = {1984},
  Pages                    = {47--57.},

  Owner                    = {rosine},
  Timestamp                = {2015.11.25}
}

@Article{Hornsby2000,
  Title                    = {A Foundation For Spatio-Temporal Knowledge Representation},
  Author                   = {Hornsby, K. and Egenhofer, M.},
  Journal                  = {International Journal of Geographical Information Science},
  Year                     = {2000},
  Pages                    = {207--224},
  Volume                   = {14}
}

@Manual{s57AppendixA,
  Title                    = {S 57 Appendix A IHO Object Catalogue},
  Author                   = {IHO},
  Month                    = {11},
  Organization             = {International Hydrographic Organization},
  Year                     = {2000}
}

@Book{Kamp1993,
  Title                    = {From discourse to logic: introduction to modeltheoretic semantics of natural language, formal logic and discourse representation theory.},
  Author                   = {Kamp, H. and Reyle, U.},
  Publisher                = {Kluwer Academic Publishers},
  Year                     = {1993},

  Owner                    = {rosine},
  Timestamp                = {2015.11.11}
}

@Article{kevin2011,
  Title                    = {Discrete Global Grid Systems. Archives of Photogrammetry, Cartography and Remote Sensing},
  Author                   = {Kevin, S.},
  Year                     = {2011},
  Pages                    = {363-376},

  Owner                    = {rosine},
  Timestamp                = {2015.11.25}
}

@InProceedings{Dave2009,
  Title                    = {Efficient Linked-List Rdf Indexing in Parliament},
  Author                   = {D. Kolas and I. Emmons and M. Dean },
  Booktitle                = {ISWC},
  Year                     = {2009},

  Address                  = {Washington, DC.},
  Month                    = {October},
  Organization             = {BBN Technologie, Arlington, VA 22209, USA}
}

@InCollection{Koubarakis2012,
  Title                    = {Data Models and Query Languages for Linked Geospatial Data},
  Author                   = {M. Koubarakis and M. Karpathiotakis and K. Kyzirakos and Nikolaou, C. and Sioutis, M.},
  Booktitle                = {Reasoning Web. Semantic Technologies for Advanced Query Answering},
  Publisher                = {Springer Berlin Heidelberg},
  Year                     = {2012},

  Address                  = {Vienna, Austria},
  Editor                   = {T. Eiter and T. Krennwallner},
  Month                    = {September},
  Pages                    = {290--328},
  Series                   = {Lecture Notes in Computer Science},
  Volume                   = {7487}
}

@InCollection{Koubarakis2012,
  Title                    = {Data Models and Query Languages for Linked Geospatial Data},
  Author                   = {M. Koubarakis and M. Karpathiotakis and K. Kyzirakos and C. Nikolaou and M. Sioutis},
  Booktitle                = {Reasoning Web. Semantic Technologies for Advanced Query Answering},
  Publisher                = {Springer Berlin Heidelberg},
  Year                     = {2012},

  Address                  = {Vienna, Austria},
  Editor                   = {T. Eiter and T. Krennwallner},
  Month                    = {September},
  Pages                    = {290-328},
  Series                   = {Lecture Notes in Computer Science},
  Volume                   = {7487}
}

@InProceedings{Strabon2012,
  Title                    = {Strabon: A Semantic Geospatial DBMS},
  Author                   = {K. Kyzirakos and M. Karpathiotakis and M. Koubarakis },
  Booktitle                = {The Semantic Web - ISWC},
  Year                     = {2012},

  Address                  = {Boston, MA, USA,},
  Editor                   = {P. Cudr\'e-Mauroux and J. Heflin and E. Sirin and T. Tudorache and J. Euzenat and M. Hauswirth and J. X Parreira 
 and J. Hendler and G. Schreiber and A. Bernstein and E. Blomqvist },
  Month                    = {November},
  Pages                    = {295-311},
  Publisher                = {Springer Berlin Heidelberg},
  Series                   = {Lecture Notes in Computer Science},
  Volume                   = {7649}
}

@Article{Landragin2004,
  Title                    = {Physical Salience and Cognitive Salience},
  Author                   = {F. Landragin},
  Journal                  = {CORRELA},
  Year                     = {2004},
  Number                   = {2},
  Pages                    = {7--34},
  Volume                   = {2}
}

@InProceedings{langran1992a,
  Title                    = {States, Events, and Evidence: The Principle Entities of a Temporal Gis},
  Author                   = {G. Langran},
  Booktitle                = {GIS/LIS'92},
  Year                     = {1992},
  Pages                    = {416-425},
  Publisher                = {Bethesda, MD, American Congres of Surveying and Mapping}
}

@Conference{lui2009,
  Title                    = {Progressive Vector Data Transmission Based on Overall Effects},
  Author                   = {Liu, H.},
  Booktitle                = {Fourth International Conference on Networked Computing and Advanced Information Management},
  Year                     = {2009},
  Pages                    = {604-608},

  Owner                    = {rosine},
  Timestamp                = {2015.11.25}
}

@InProceedings{Malyankar2002,
  Title                    = {Vocabulary Development for Markup Languages --- A Case Study with Maritime Information},
  Author                   = {R. Malyanka},
  Booktitle                = {WWW2002},
  Year                     = {2002},

  Address                  = {Honolulu, Hawaii, USA.},
  Editor                   = {D. Lassner and D. D Roure and A. Iyengar},
  Month                    = {May},
  Pages                    = {674-685},
  Publisher                = {ACM}
}

@Proceedings{Malyankar2001,
  Title                    = {Maritime Information Markup and Use in Passage Planning},
  Year                     = {2001},

  Address                  = {Seattle, USA},
  Editor                   = {A. Maedche and S. Staab and C. Nedellec and H.E Hovy},
  Month                    = {August},
  Publisher                = {CEUR-WS.org},
  Series                   = {{CEUR} Workshop Proceedings},
  Volume                   = {38},

  Author                   = {R. M Malyankar },
  Booktitle                = {Proceedings of the National Conference on Digital Government}
}

@InProceedings{Malyankar2004,
  Title                    = {Representation and Distribution of Geospatial Knowledge},
  Author                   = {R. M Malyankar },
  Booktitle                = {Proceedings of the 2004 Annual National Conference on Digital Government Research},
  Year                     = {2004},

  Address                  = {Seattle, Washington, USA},
  Month                    = {September},
  Organization             = {DG.O},
  Publisher                = {Digital Government Society of North America},

  Location                 = {Seattle, WA},
  Numpages                 = {2}
}

@InProceedings{Malyankar1999,
  Title                    = {Creating a Navigation Ontology},
  Author                   = {R. M Malyankar},
  Booktitle                = {Workshop on Ontology Management},
  Year                     = {1999},

  Address                  = {Orlando, FL,},
  Organization             = {AAAI-99}
}

@Misc{McCarthy2000,
  Title                    = {Concept of Logical AI},

  Author                   = {J. McCarthy},
  Month                    = {April},
  Note                     = {http://www-formal.stanford.edu/jmc/whatisai/whatisai.html},
  Year                     = {2000}
}

@TechReport{Minsky1974,
  Title                    = {A Framework for Representing Knowledge},
  Author                   = {M. Minsky},
  Institution              = {MIT-AI Laboratory Memo 306},
  Year                     = {1974},
  Month                    = {June}
}

@TechReport{Minsky1974,
  Title                    = {A Framework for Representing Knowledge},
  Author                   = {M. Minsky},
  Institution              = {MIT-AI Laboratory Memo 306},
  Year                     = {1974},
  Month                    = {June}
}

@Article{Niveleau,
  Title                    = {The Concept of Affordance Gibsonian: Between Affiliation, Breaking and Conceptual Reconstruction},
  Author                   = {C.E Niveleau},
  Journal                  = {Intellectica},
  Year                     = {2006},
  Pages                    = {159-199},
  Volume                   = {44}
}

@Manual{book2,
  Title                    = {United States Coast Pilot},
  Author                   = {NOAA},
  Edition                  = {44},
  Organization             = {National Oceanic and Atmospheric Administration, US Department of Commerce},
  Year                     = {2011}
}

@InProceedings{pan2005,
  Title                    = {Temporal Aggregates for Web Services on the Semantic Web},
  Author                   = {F. Pan},
  Booktitle                = {ICWS},
  Year                     = {2005},

  Address                  = {Orlando, FL, USA},
  Month                    = {July},
  Pages                    = {831-842},
  Publisher                = {IEEE Computer Society}
}

@Manual{geospartial2012,
  Title                    = {OGC Geosparql - A Geographic Query Language for RDF Data},
  Author                   = {M. Perry and J. Herring},
  Month                    = {9},
  Organization             = {Open Geospartial Consortium},
  Year                     = {2012}
}

@Manual{Geosparql2011,
  Title                    = {GeoSPARQL - A geographic Query Language for RDF data A Proposal for an OGC Draft Candidate Standard},
  Author                   = {M. Perry and J. Herring},
  Month                    = {January},
  Organization             = {Open Geospatial Consortium},
  Year                     = {2011}
}

@PhdThesis{rasa2001,
  Title                    = {Object-Oriented Temporal GIS for Urban Applications},
  Author                   = {A. Raza},
  School                   = {University of Twente and ITC},
  Year                     = {2001},
  Month                    = {January}
}

@Article{Rousselet2003,
  Title                    = {The Mechanisms of Visual Attention},
  Author                   = {G. A Rousselet and M. Fabre-Thorpe},
  Journal                  = {Psychologie Fran\c{c}aise},
  Year                     = {2003},
  Pages                    = {29-44},
  Volume                   = {48}
}

@InProceedings{Schau1989Undecidable,
  Title                    = {Subsumption in {KL-ONE} is Undecidable},
  Author                   = {M. Schmidt-Schau{\ss}},
  Booktitle                = {Proceedings of the First International Conference on Principles of Knowledge Representation and Reasoning},
  Year                     = {1989},

  Address                  = {San Francisco, CA, USA},
  Pages                    = {421-431},
  Publisher                = {Morgan Kaufmann Publishers Inc.}
}

@Article{morgagni2011,
  Title                    = {Rethinking the Notion of Affordance in its Dynamic Semiotic},
  Author                   = {M. Simone},
  Journal                  = {Intellectica},
  Year                     = {2011},
  Pages                    = {1-55},
  Volume                   = {55}
}

@Article{Snodgrass1986,
  Title                    = {Temporal Databases},
  Author                   = {R. T Snodgrass and I. Ahn},
  Journal                  = {IEEE Computer},
  Year                     = {1986},

  Month                    = {September},
  Number                   = {9},
  Pages                    = {35-42},
  Volume                   = {19}
}

@InCollection{Sorrows1999,
  Title                    = {The Nature of Landmarks for Real and Electronic Spaces},
  Author                   = {M.E Sorrows and S.C Hirtle},
  Booktitle                = {Spatial Information Theory. Cognitive and Computational Foundations of Geographic Information Science},
  Publisher                = {Springer Berlin Heidelberg},
  Year                     = {1999},
  Editor                   = {Freksa, Christian and Mark, DavidM.},
  Pages                    = {37-50},
  Series                   = {Lecture Notes in Computer Science},
  Volume                   = {1661}
}

@Article{Studer1998,
  Title                    = {Knowledge Engineering: Principles and Methods},
  Author                   = {R. Studer and R.V Benjamins and D. Fensel},
  Journal                  = {Data {\&} Knowledge Engineering},
  Year                     = {1998},

  Month                    = {November},
  Pages                    = {161-197},
  Volume                   = {25}
}

@Book{Tansel1993,
  Title                    = {Temporal Databases: Theory, Design, and Implementation},
  Author                   = {A. U Tansel and J. Clifford and S. Gadia and S. Jajodia and A. Segev and R. Snodgrass},
  Publisher                = {Benjamin-Cummings Publishing Co Inc.},
  Year                     = {1993},

  Address                  = {Redwood City, CA, USA},

  ISBN                     = {0-8053-2413-5}
}

@PhdThesis{tsatchaPhd2014,
  Title                    = {Contribution to the Extraction and Knowledge Representation of the Maritime Environment.
Proposal for an Application Dedicated to Navigation Applications},
  Author                   = {D. Tsatcha },
  School                   = {Ecole-navale},
  Year                     = {2014},

  Address                  = {BCRM Brest, 29240 Brest},
  Month                    = {December}
}

@InProceedings{tsatcha2012,
  Title                    = {A Modeling Approach for the Extraction of Semantic Information from a Maritime Corpus},
  Author                   = {D. Tsatcha and E. Saux and C. Claramunt },
  Booktitle                = {Advances in Spatial Data Handling},
  Year                     = {2013},

  Address                  = {Colone, Germany},
  Editor                   = {Timpf, S. and Laube, P.},
  Month                    = {May},
  Pages                    = {175-191},
  Publisher                = {Springer Berlin Heidelberg},
  Series                   = {Advances in Geographic Information Science}
}

@Article{tsatcha2013,
  Title                    = {A Bidirectional Path-Finding Algorithm and Data Structure for Maritime Routing},
  Author                   = {D. Tsatcha and E. Saux and C. Claramunt},
  Journal                  = {International Journal of Geographical Information Science(IJGIS)},
  Year                     = {2013},

  Month                    = {March},
  Number                   = {7},
  Pages                    = {1355--1377},
  Volume                   = {28}
}

@Article{woods1992,
  Title                    = {The Kl-One Family},
  Author                   = {W.A Woods and J. G Schmolze },
  Journal                  = {Computers {\&} Mathematics with Applications},
  Year                     = {1992},
  Pages                    = {133-177},
  Volume                   = {23}
}

@Article{May1999,
  Title                    = {Use of a Three-Domaine Representation to Enhance Gis Support for Complex Spatio-temporal Queries},
  Author                   = {M. Yuan},
  Journal                  = {Transactions in Gis},
  Year                     = {1999},
  Pages                    = {137-159},
  Volume                   = {3}
}

